@misc{circuit-knitting-toolbox,
  author = {
    Agata M. Bra\'{n}czyk
    and Almudena {Carrera Vazquez}
    and Daniel J. Egger
    and Bryce Fuller
    and Julien Gacon
    and James R. Garrison
    and Jennifer R. Glick
    and Caleb Johnson
    and Saasha Joshi
    and Edwin Pednault
    and C. D. Pemmaraju
    and Pedro Rivero
    and Seetharami Seelam
    and Ibrahim Shehzad
    and Dharmashankar Subramanian
    and Wei Tang
    and Stefan Woerner
  },
  title = {{Circuit Knitting Toolbox}},
  howpublished = {\url{https://github.com/Qiskit-Extensions/circuit-knitting-toolbox}},
  year = {2023},
  doi = {10.5281/zenodo.7987997}
}
